<record><leader>00000cas a22000007a 4500</leader><controlfield tag="001">1761246</controlfield><controlfield tag="008">751101d19241928mnuwr ne      0    0eng d</controlfield><datafield ind1=" " ind2=" " tag="010"><subfield code="a">sn 91059267 </subfield></datafield><datafield ind1=" " ind2=" " tag="040"><subfield code="a">MUL</subfield><subfield code="b">eng</subfield><subfield code="c">MUL</subfield><subfield code="d">MN#</subfield><subfield code="d">NSD</subfield><subfield code="d">OCLCQ</subfield><subfield code="d">OCLCF</subfield><subfield code="d">OCLCO</subfield></datafield><datafield ind1=" " ind2=" " tag="042"><subfield code="a">msc</subfield></datafield><datafield ind1=" " ind2=" " tag="043"><subfield code="a">n-us-mn</subfield></datafield><datafield ind1=" " ind2=" " tag="052"><subfield code="a">4144</subfield><subfield code="b">O43</subfield></datafield><datafield ind1=" " ind2=" " tag="052"><subfield code="a">4143</subfield><subfield code="b">M5</subfield></datafield><datafield ind1="0" ind2="4" tag="245"><subfield code="a">The Onamia herald.</subfield></datafield><datafield ind1=" " ind2=" " tag="260"><subfield code="a">Onamia, Mille Lacs County, Minn. :</subfield><subfield code="b">N.D. Barker,</subfield><subfield code="c">-1928.</subfield></datafield><datafield ind1=" " ind2=" " tag="300"><subfield code="a">v.</subfield></datafield><datafield ind1=" " ind2=" " tag="310"><subfield code="a">Weekly</subfield></datafield><datafield ind1="1" ind2=" " tag="362"><subfield code="a">Began Jan. 3, 1924.</subfield></datafield><datafield ind1="0" ind2=" " tag="362"><subfield code="a">-v. 5, no. 42 (Oct. 19, 1928).</subfield></datafield><datafield ind1=" " ind2=" " tag="530"><subfield code="a">Available on microfilm from the Minnesota Historical Society.</subfield></datafield><datafield ind1=" " ind2=" " tag="588"><subfield code="a">Description based on: Vol. 1, no. 2 (Jan. 10, 1924).</subfield></datafield><datafield ind1=" " ind2="0" tag="651"><subfield code="a">Onamia (Minn.)</subfield><subfield code="v">Newspapers.</subfield></datafield><datafield ind1=" " ind2="7" tag="655"><subfield code="a">Newspapers.</subfield><subfield code="2">fast</subfield><subfield code="0">(OCoLC)fst01423814</subfield></datafield><datafield ind1=" " ind2="7" tag="651"><subfield code="a">Minnesota</subfield><subfield code="z">Onamia.</subfield><subfield code="2">fast</subfield><subfield code="0">(OCoLC)fst01223275</subfield></datafield><datafield ind1=" " ind2=" " tag="752"><subfield code="a">United States</subfield><subfield code="b">Minnesota</subfield><subfield code="c">Mille Lacs</subfield><subfield code="d">Onamia.</subfield></datafield><datafield ind1="0" ind2="7" tag="785"><subfield code="t">Isle advance</subfield><subfield code="w">(DLC)sn 91059262</subfield></datafield><datafield ind1="0" ind2="7" tag="785"><subfield code="t">Mille Lacs messenger</subfield><subfield code="x">1085-4436</subfield><subfield code="w">(DLC)sn 91059263</subfield></datafield></record>